@misc{referencia01,
	author = {Bass, L. and  Weber, I. and Zhu, L.},
	title = {DevOps: A Software Architect's Perspective},
	year = {2015},
	howpublished = {Recuperado de  {http://bit.ly/2LdY6uH}},
	note = {Accedido 31-08-2019}
}
@misc{referencia02,
	author = {Huttermann, M},
	title = {DevOps for Developers},
	year = {2012},
	howpublished = {Recuperado de  {asd}},
	note = {Accedido 31-08-2019}
}
@misc{referencia03,
	author = {statista Research Department},
	title = {Extent of DevOps adoption by software developers worldwide in 2017 and 2018},
	year = {2018},
	howpublished = {Recuperado de  {http://bit.ly/2ZnCO6i}},
	note = {Accedido 31-08-2019}
}

@misc{referencia04,
	author={Maheta, H.},
	title = {What is DevOps and Why DevOps},
	year = {2018},
	howpublished = {Recuperado de {https://www.yudiz.com/welcome-devops-prevent-	defects/}},
	note = {Accedido 31-08-2019}
}
@misc{referencia05,
	author = {Angulo, J},
	title = {Entendiendo DevOps en 5 minutos},
	year = {2018},
	howpublished = {Recuperado {https://www.autentia.com/2018/08/17/entendiendo-devops-en-5-minutos/}},
	note = {Accedido 31-08-2019}
}

@misc{referencia06,
	author = {Oracle},
	title = {Compliant Database DevOps for Oraclewith Redgate },
	year = {},
	howpublished = {Recuperado {http://assets.red-gate.com/products/oracle-development/deployment-suite-for-oracle/database-devops-with-deployment-suite-for-oracle.pdf}},
	note = {Accedido 31-08-2019}
}

@misc{referencia07,
	author = {redhat},
	title = {¿Qué es la integración continua/distribución continua (CI/CD)?},
	year = {},
	howpublished = {Recuperado {https://www.redhat.com/es/topics/devops/what-is-ci-cd}},
	note = {Accedido 31-08-2019}
}
@misc{referencia08,
	author = {Houssem Dellai},
	title = {DevOps para la base de datos},
	year = {2018},
	howpublished = {Recuperado {https://medium.com/faun/devops-for-database-4e442abfd939}},
	note = {Accedido 31-08-2019}
}
@misc{referencia09,
	author = {Quest},
	title = {Soluciones de DevOps para bases de datos},
	year = {2018},
	howpublished = {Recuperado {https://www.quest.com/mx-es/solutions/devops/}},
	note = {Accedido 31-08-2019}
}
@misc{referencia10,
	author = {Jeremy Snyder},
	title = {DevOps con controles},
	year = {2018},
	howpublished = {Recuperado {https://www.ibm.com/developerworks/ssa/library/d-devops-cloud/}},
	note = {Accedido 31-08-2019}
}









